@book{AnneTreisman,
  author = {Anne Treisman},
  year = {1985},
  title = {Preattentive processing in vision},
  Journal = {Computer Vision, Graphics, and Image Processing},
  pages = {156-177},
  url = {https://doi.org/10.1016/S0734-189X(85)80004-9}
}

@book{Broy,
  author = {Manfred Broy},
  year = {1991},
  title = {Declarative specification and declarative programming},
  Journal = {Proceeding IWSSD '91 Proceedings of the 6th international workshop on Software specification and design},
  pages = {2-11},
  url = {https://dl-acm-org.lcproxy.shu.ac.uk/citation.cfm?id=952788},
  city = {Technische Universität München, München, Germany}
}

@book{bridginginformation,
  author = {Daniel A. Keim and Tamara Munzner and Fabrice Rossi and Michel Verleysen},
  year = {2015},
  title = {Bridging Information Visualisation with Machine Learning},
  Journal = {Report from Dagstuhl Seminar 15101},
  url = {https://www.dagstuhl.de/en/program/},
}

@book{deepdive,
author = {Feng Niu and Ce Zhang and Jude W. Shavlik},
year = {2012},
month = {01},
pages = {},
title = {DeepDive: Web-scale Knowledge-base Construction using Statistical Learning and Inference},
volume = {12(1)},
booktitle = {CEUR Workshop Proceedings}
}
@book{Cairo,
  author = {Alberto Cairo},
  year = {2014},
  title = {Ethical Infographics: In data visualization, Journalism meets Engineering},
  Journal = {The IRE Journal: The Magazine of Investigative Reporters and Editors Inc.},
  pages = {25-27},
}

@book{Card,
  author = {S.K. Card and J.D. Mackingly and Ben Shneidermann},
  year = {1999},
  title = {Readings in information visualization : Using vision to think (The Morgan Kaufmann series in interactive technologies)},
  Journal = {San Francisco, Calif. : Morgan Kaufmann Publishers},
  pages = {25-27},
}

@book{Casner,
  author = {Stephan M.Casner},
  year = {1991},
  title = {A Task Analytic Approach to the automated Design of Graphic presentation},
  Journal = {ACMTransactions on Graphics},
  pages = {111-151},
  url ={https://doi.org/10.1145/108360.108361}
}

@book{Dibia,
  author = {Victor Dibia and Cagatay Demiralp},
  year = {2018},
  title = {Data2Vis: Automatic Generation of Data Visualizations Using Sequence to Sequence Recurrent Neural Networks},

  url ={http://arxiv.org/abs/1804.03126}
}

@book{Frenay,
  author = {Benoit Frenay and Bruno Dumas },
  year = {2016},
  title = {Information Visualisation and Machine Learning: Characteristics, Convergence and Perspective},
pages={623-628},
journal={ESANN 2016 proceedings, European Symposium on Artificial Neural Networks, Computational Intelligence and Machine Learning.},
  url ={https://www.elen.ucl.ac.be/Proceedings/esann/esannpdf/es2016-18.pdf}
}


@book{Key,
  author = {Alicia Key and Bill Howe and Daniel Perry and Cecilia Aragon },
  year = {2012},
  title = {VizDeck: Self-Organizing Dashboards for Visual Analytics},
pages={681-684},
journal={SIGMOD '12 Proceedings of the 2012 ACM SIGMOD International Conference on Management of Data},
url={https://doi.org/10.1145/2213836.2213931}
}


@book{Mackinlay,
  author = {Jock Mackinlay},
  year = {1986},
  title = {VizDeck: Self-Organizing Dashboards for Visual Analytics},
pages={110-141},
journal={Automating the Design of Graphical Presentations of Relational Information},
  url ={https://doi.org/10.1145/22949.22950}
}

@book{Marks,
  author = {Joseph William Marks },
  year = {1991},
  title = {Automating the design of network diagrams},
journal={Doctoral Dissertation},
city={Harvard University Cambridge, MA, USA ©1991},
  url ={https://dl.acm.org/citation.cfm?id=124656}
}

@book{Rayar,
  author = {Frederic Rayar and Sabine Barrat and Fatma Bouali and Gilles Venturini},
  year = {2016},
  title = {Incremental hierarchical indexing and visualisation of large image collections},
journal={24th Eur. Symp. Artificial Neural Networks},
  url ={https://hal.archives-ouvertes.fr/hal-01315650/document}
}


@book{R-DataSet,
  author = {R-DataSet},
  year = {2018},
  title = {R-DataSet Repository Information},
journal={github.io},
  url ={https://vincentarelbundock.github.io/Rdatasets/datasets.html}
}

@book{Roth,
  author = {Steven F. Roth and John Kolojejchick and Joe Mattis and Jade Goldstein},
  year = {1994},
  title = {Interactive Graphic Design Using Automatic Presentation Knowledge},
journal={CHI '94 Proceedings of the SIGCHI Conference on Human Factors in Computing Systems},
pages={112-117},
  url ={https://doi.org/10.1145/191666.191719}
}

@book{Satyanarayan,
  author = {Arvind Satyanarayan and Dominik Moritz and Kanit Wongsuphasawat and Jeffrey Heer },
  year = {2017},
  title = {Vega-Lite: A Grammar of Interactive Graphics},
journal={IEEE TRANSACTIONS ON VISUALIZATION AND COMPUTER GRAPHICS},
pages={341-350},
  url ={https://doi.org/10.1109/TVCG.2016.2599030}
}

@book{Skau,
  author = {Drew Skau},
  year = {2012},
  title = {A Code of Ethics for Data Visualization Professionals},
journal={Visually - High Impact visual Content},
  url ={https://visual.ly/blog/a-code-of-ethics-for-data-visualization-professionals/}
}

@book{Tory,
  author = {Melanie Tory and Torsten Muller},
  year = {2004},
  title = {Rethinking Visualization: A High-Level Taxonomy},
journal={IEEE Symposium on Information Visualization},
pages={151-158},
  url ={https://doi.org/10.1109/INFVIS.2004.59}
}

@book{Wickham,
  author = {Hadley Wickham},
  year = {2007},
  title = {A Layered Grammar of Graphics},
journal={Journal of Computational and Graphical Statisitics},
pages={3-28},
  url ={https://doi.org/10.1198/jcgs.2009.07098}
}